@Conference{SROO202407,
  date    = {2024-07-04},
  title   = {Запись и материалы Круглого стола Союза СРОО и НМСО от 04.07.2024},
  url     = {https://cpa-russia.org/news-spo/2750/},
  urldate = {2024-07-13},
}

@Comment{jabref-meta: databaseType:biblatex;}
